@article{distances,
    author   = {В. М. Черненький and Ю. Е. Гапанюк},
    title    = {Методика идентификации пассажира по установочным данным},
    journal  = {Инженерный журнал: наука и инновации},
    year     = {2012},
    number   = {3},
    pages    = {30-39},
    language = russian
}

@book{dynamic,
    author     = {С. М. Окулов and О. А. Пестов},
    title      = {Динамическое программирование},
    year       = {2012},
    publisher  = {БИНОМ. Лаборатория знаний},
    address    = {М.},
    pages      = 296,
    language   = russian
}

@misc{python,
	title="Welcome to Python [Электронный ресурс]",
	howpublished="Режим доступа: \url{https://www.python.org}
                  (дата обращения: 12.10.2021)"
}

@misc{vim,
	title="welcome home : vim online [Электронный ресурс]",
	howpublished="Режим доступа: \url{https://www.vim.org/}
                  (дата обращения: 12.10.2021)"
}

@misc{time,
	title="time — Time access and conversions [Электронный ресурс]",
	howpublished="Режим доступа: 
        \url{https://docs.python.org/3/library/time.html#time.process_time_ns}
         (дата обращения: 04.10.2021)"
}

@misc{manjaro,
	title="Manjaro --- enjoy the simplicity [Электронный ресурс]",
    howpublished="Режим доступа: \url{https://manjaro.org/} (дата обращения:
                  17.10.2021)"
}

@misc{intel,
	title="Процессор Intel® Core™ i7-8550U [Электронный ресурс]",
	howpublished="Режим доступа:
        \url{https://ark.intel.com/content/www/ru/ru/ark/products/149088/intel-core-i5-8265u-processor-6m-cache-up-to-3-90-ghz.html}
         (дата обращения: 17.10.2021)"
}
