@article{Shtovba,
    author = {С.~Д. Штовба},
    year = {2003},
    pages = {70-75},
    title = {Муравьиные алгоритмы},
    journal = {Exponenta Pro. Математика в приложениях},
    number = {4},
    note = {URL: \url{https://www.researchgate.net/profile/Serhiy-Shtovba/publication/279535061_Stovba_SD_Muravinye_algoritmy_Exponenta_Pro_Matematika_v_prilozeniah_-_2003_-_No4_-_S_70-75/links/55b7d36808aed621de04d99f/Stovba-SD-Muravinye-algoritmy-Exponenta-Pro-Matematika-v-prilozeniah-2003-No4-S-70-75.pdf} (дата обращения: 12.12.2021)},
    language = russian
}

@article{Zaychenko,
    author = {Ю. Зайченко and Н. Мурга},
    year = {2013},
    pages = {370-384},
    title = {Исследование муравьиных алгоритмов оптимизации в задачи
        коммивояжера},
    journal = {International Journal "Information Models and Analyses"},
    volume = {2},
    number = {4},
    note = {URL: \url{http://www.foibg.com/ijima/vol02/ijima02-04-p08.pdf}
        (дата обращения: 12.12.2021)},
    language = russian
}

@book{Ulianov,
	author="Ульянов М.В.",
	title="Ресурсно-эффективные компьютерные алгоритмы",
	publisher="ФИЗМАТЛИТ",
	year=2008,
	pages=304
}

@misc{time,
	title="time — Time access and conversions",
	howpublished="URL: 
        \url{https://docs.python.org/3/library/time.html#time.process_time_ns}
         (дата обращения: 04.10.2021)"
}

@misc{python,
	title="Welcome to Python",
	howpublished="URL: \url{https://www.python.org}
                  (дата обращения: 12.10.2021)"
}

@misc{vim,
	title="welcome home : vim online",
	howpublished="URL: \url{https://www.vim.org/}
                  (дата обращения: 12.10.2021)"
}

@misc{manjaro,
	title="Manjaro --- enjoy the simplicity",
    howpublished="URL: \url{https://manjaro.org/} (дата обращения:
                  17.10.2021)"
}

@misc{intel,
	title="Процессор Intel® Core™ i5-8265U",
	howpublished="Режим доступа:
        \url{https://ark.intel.com/content/www/ru/ru/ark/products/149088/intel-core-i5-8265u-processor-6m-cache-up-to-3-90-ghz.html}
         (дата обращения: 17.10.2021)"
}
