@misc{myReport,
  author       = "М.~Д. Маслова",
  title        = {Отчет по лабораторной работе №5 по курсу "Анализ алгоритмов"},
  howpublished = "Режим доступа:
  \url{https://github.com/MyMiDiII/bmstu-aa/blob/main/lab05/docs/pdf/report.pdf}
  (дата обращения: 11.12.2021)",
}

@article{Pogorelov,
  author  = "Д.~А. Погорелов and А.~М. Таразанов and Л.~Л. Волкова and М.~А. Потапенко",
  title   = "Применение конвейерной обработки данных на примере сортировки простыми вставками",
  journal = "Образование и наука в России и за рубежом",
  year    = 2019,
  volume  = "49",
  number  = "1",
}

@misc{Bogoslovskiy,
  author       = "Н.~Н. Богословский",
  title        = "Конспект лекций дисциплины «Архитектура и программное
      обеспечение высокопроизводительных вычислительных систем»",
  howpublished = "Режим доступа:
  \url{http://hpc-education.ru/files/lectures/2011/bogoslovskiy/bogoslovskiy_2011_lectures05.pdf}
  (дата обращения: 08.12.2021)",
}

@book{Vegenere,
    author = {М.~Г. Адигеев},
    title = {Введение в криптографию},
    address = {Ростов-на-Дону},
    publisher = {Издательство РГУ},
    year = {2002},
    language = russian
}

@misc{golang,
    title="The Go Programming Language [Электронный ресурс]",
    howpublished="Режим доступа: \url{https://golang.org/} (дата обращения:
        07.12.2021)"
}

@misc{time,
    title="Package time [Электронный ресурс]", howpublished="Режим доступа:
        \url{https://golang.org/pkg/time/} (дата обращения: 07.12.2021)"
}

@misc{gotest,
    title="Testing -- The Go Programming Language [Электронный ресурс]",
    howpublished="Режим доступа: \url{https://golang.org/pkg/testing/} (дата
        обращения: 07.12.2021)"
}

@misc{python,
	title="Welcome to Python [Электронный ресурс]",
	howpublished="Режим доступа: \url{https://www.python.org}
                  (дата обращения: 12.10.2021)"
}

@misc{vim,
	title="welcome home : vim online [Электронный ресурс]",
	howpublished="Режим доступа: \url{https://www.vim.org/}
                  (дата обращения: 12.10.2021)"
}

@misc{manjaro,
	title="Manjaro --- enjoy the simplicity [Электронный ресурс]",
    howpublished="Режим доступа: \url{https://manjaro.org/} (дата обращения:
                  17.10.2021)"
}

@misc{intel,
	title="Процессор Intel® Core™ i5-8265U [Электронный ресурс]",
	howpublished="Режим доступа:
        \url{https://ark.intel.com/content/www/ru/ru/ark/products/149088/intel-core-i5-8265u-processor-6m-cache-up-to-3-90-ghz.html}
         (дата обращения: 17.10.2021)"
}
