@article {haskell,
    author   = "Анисимов Н.С., Строганов Ю.В.",
    title    = "Реализация алгоритма умножения матриц по Винограду на языке Haskell",
    journal  = "Новые информационные технологии в автоматизированных системах",
    year     = "2018",
    number   = "21",
    pages    = "390-395",
    note = "Режим доступа: \sloppy
    \url{https://cyberleninka.ru/article/n/realizatsiya-algoritma-umnozheniya-matrits-po-vinogradu-na-yazyke-haskell}
    (дата обращения: 30.10.2021)."
}

@phdthesis{till,
    author = {Späth, Till},
    year = {2019},
    month = {10},
    pages = {},
    title = {Searching for fast matrix multiplication algorithms}
}

@misc{python,
	title="Welcome to Python [Электронный ресурс]",
	howpublished="Режим доступа: \url{https://www.python.org}
                  (дата обращения: 12.10.2021)"
}

@misc{vim,
	title="welcome home : vim online [Электронный ресурс]",
	howpublished="Режим доступа: \url{https://www.vim.org/}
                  (дата обращения: 12.10.2021)"
}

@misc{time,
	title="time — Time access and conversions [Электронный ресурс]",
	howpublished="Режим доступа: 
        \url{https://docs.python.org/3/library/time.html#time.process_time_ns}
         (дата обращения: 04.10.2021)"
}

@misc{manjaro,
	title="Manjaro --- enjoy the simplicity [Электронный ресурс]",
    howpublished="Режим доступа: \url{https://manjaro.org/} (дата обращения:
                  17.10.2021)"
}

@misc{intel,
	title="Процессор Intel® Core™ i5-8265U [Электронный ресурс]",
	howpublished="Режим доступа:
        \url{https://ark.intel.com/content/www/ru/ru/ark/products/149088/intel-core-i5-8265u-processor-6m-cache-up-to-3-90-ghz.html}
         (дата обращения: 17.10.2021)"
}
