@misc{intro,
	title="Многопоточность [Электронный ресурс]",
	howpublished="Режим доступа: \url{https://ru.coursera.org/lecture/ios-multithreading/chto-takoie-mnoghopotochnost-4MMgN} (дата обращения: 02.12.2021)"
}

@misc{int,
	title="Numerical Integration - Midpoint, Trapezoid, Simpson's rule [Электронный ресурс]",
	howpublished="Режим доступа: \url{https://math.libretexts.org/Courses/Mount_Royal_University/MATH_2200%3A_Calculus_for_Scientists_II/2%3A_Techniques_of_Integration/2.5%3A_Numerical_Integration_-_Midpoint%2C_Trapezoid%2C_Simpson's_rule} (дата обращения: 02.12.2021)"
}

@misc{cpp,
	title="Документация по языку C++ [Электронный ресурс]",
	howpublished="Режим доступа: \url{https://docs.microsoft.com/ru-ru/cpp/cpp/?view=msvc-170} (дата обращения: 02.12.2021)"
}

@misc{chrono,
	title="Date and time utilities [Электронный ресурс]",
	howpublished="Режим доступа: \url{https://en.cppreference.com/w/cpp/chrono} (дата обращения: 02.12.2021)"
}

@misc{python,
	title="Welcome to Python [Электронный ресурс]",
	howpublished="Режим доступа: \url{https://www.python.org}
                  (дата обращения: 12.10.2021)"
}

@misc{vim,
	title="welcome home : vim online [Электронный ресурс]",
	howpublished="Режим доступа: \url{https://www.vim.org/}
                  (дата обращения: 12.10.2021)"
}

@misc{time,
	title="time — Time access and conversions [Электронный ресурс]",
	howpublished="Режим доступа: 
        \url{https://docs.python.org/3/library/time.html#time.process_time_ns}
         (дата обращения: 04.10.2021)"
}

@misc{manjaro,
	title="Manjaro --- enjoy the simplicity [Электронный ресурс]",
    howpublished="Режим доступа: \url{https://manjaro.org/} (дата обращения:
                  17.10.2021)"
}

@misc{intel,
	title="Процессор Intel® Core™ i5-8265U [Электронный ресурс]",
	howpublished="Режим доступа:
        \url{https://ark.intel.com/content/www/ru/ru/ark/products/149088/intel-core-i5-8265u-processor-6m-cache-up-to-3-90-ghz.html}
         (дата обращения: 17.10.2021)"
}
