@misc{golang,
    title="The Go Programming Language [Электронный ресурс]",
    howpublished="Режим доступа: \url{https://golang.org/} (дата обращения:
        07.12.2021)"
}

@misc{time,
    title="Package time [Электронный ресурс]", howpublished="Режим доступа:
        \url{https://golang.org/pkg/time/} (дата обращения: 07.12.2021)"
}

@misc{gotest,
    title="Testing -- The Go Programming Language [Электронный ресурс]",
    howpublished="Режим доступа: \url{https://golang.org/pkg/testing/} (дата
        обращения: 07.12.2021)"
}

@misc{python,
	title="Welcome to Python [Электронный ресурс]",
	howpublished="Режим доступа: \url{https://www.python.org}
                  (дата обращения: 12.10.2021)"
}

@misc{vim,
	title="welcome home : vim online [Электронный ресурс]",
	howpublished="Режим доступа: \url{https://www.vim.org/}
                  (дата обращения: 12.10.2021)"
}

@misc{manjaro,
	title="Manjaro --- enjoy the simplicity [Электронный ресурс]",
    howpublished="Режим доступа: \url{https://manjaro.org/} (дата обращения:
                  17.10.2021)"
}

@misc{intel,
	title="Процессор Intel® Core™ i5-8265U [Электронный ресурс]",
	howpublished="Режим доступа:
        \url{https://ark.intel.com/content/www/ru/ru/ark/products/149088/intel-core-i5-8265u-processor-6m-cache-up-to-3-90-ghz.html}
         (дата обращения: 17.10.2021)"
}
